<record><leader>00000cas a22000007a 4500</leader><controlfield tag="001">10407682</controlfield><controlfield tag="008">840213d18241827meuwr ne      0    0eng d</controlfield><datafield ind1=" " ind2=" " tag="010"><subfield code="a">sn 84022449 </subfield></datafield><datafield ind1=" " ind2=" " tag="040"><subfield code="a">NPX</subfield><subfield code="b">eng</subfield><subfield code="c">NPX</subfield><subfield code="d">CNW</subfield><subfield code="d">NVF</subfield><subfield code="d">MBN</subfield><subfield code="d">OCL</subfield><subfield code="d">DLC</subfield><subfield code="d">OCLCF</subfield><subfield code="d">OCLCO</subfield></datafield><datafield ind1=" " ind2=" " tag="042"><subfield code="a">msc</subfield></datafield><datafield ind1=" " ind2=" " tag="043"><subfield code="a">n-us-me</subfield></datafield><datafield ind1="0" ind2="0" tag="245"><subfield code="a">Eastern chronicle.</subfield></datafield><datafield ind1=" " ind2=" " tag="260"><subfield code="a">Gardiner [Me.] :</subfield><subfield code="b">Parker Sheldon,</subfield><subfield code="c">1824-</subfield></datafield><datafield ind1=" " ind2=" " tag="300"><subfield code="a">v.</subfield></datafield><datafield ind1=" " ind2=" " tag="310"><subfield code="a">Weekly</subfield></datafield><datafield ind1="0" ind2=" " tag="362"><subfield code="a">Vol. 1, no. 1 (Dec. 28, 1824)-</subfield></datafield><datafield ind1="1" ind2=" " tag="362"><subfield code="a">Ceased in Jan. 1827.</subfield><subfield code="z">Cf. Griffin, J.  Hist. of the press of Maine, 1872.</subfield></datafield><datafield ind1=" " ind2=" " tag="500"><subfield code="a">Editor: P. Sheldon.</subfield></datafield><datafield ind1=" " ind2=" " tag="580"><subfield code="a">Merged with: Christian intelligencer, to form: Christian intelligencer and eastern chronicle.</subfield></datafield><datafield ind1=" " ind2="0" tag="651"><subfield code="a">Gardiner (Me.)</subfield><subfield code="v">Newspapers.</subfield></datafield><datafield ind1=" " ind2="7" tag="655"><subfield code="a">Newspapers.</subfield><subfield code="2">fast</subfield><subfield code="0">(OCoLC)fst01423814</subfield></datafield><datafield ind1=" " ind2="7" tag="651"><subfield code="a">Maine</subfield><subfield code="z">Gardiner.</subfield><subfield code="2">fast</subfield><subfield code="0">(OCoLC)fst01223541</subfield></datafield><datafield ind1="1" ind2=" " tag="700"><subfield code="a">Sheldon, Parker.</subfield></datafield><datafield ind1=" " ind2=" " tag="752"><subfield code="a">United States</subfield><subfield code="b">Maine</subfield><subfield code="c">Kennebec</subfield><subfield code="d">Gardiner.</subfield></datafield><datafield ind1="1" ind2="7" tag="785"><subfield code="t">Christian intelligencer</subfield><subfield code="x">2157-779X</subfield><subfield code="w">(DLC)  2010200433</subfield><subfield code="w">(OCoLC)7035071</subfield></datafield><datafield ind1="1" ind2="7" tag="785"><subfield code="t">Christian intelligencer and eastern chronicle</subfield><subfield code="x">2157-7803</subfield><subfield code="w">(DLC)sn 84026947</subfield><subfield code="w">(OCoLC)7035126</subfield></datafield></record>